<record><leader>00000cas a2200000 i 4500</leader><controlfield tag="001">1002213348</controlfield><controlfield tag="006">m     o  d        </controlfield><controlfield tag="007">cr |||||||||||</controlfield><controlfield tag="008">170830d19001903ctudr neo     0   a0eng  </controlfield><datafield ind1=" " ind2=" " tag="010"><subfield code="a">  2017218624</subfield></datafield><datafield ind1=" " ind2=" " tag="040"><subfield code="a">DLC</subfield><subfield code="b">eng</subfield><subfield code="e">rda</subfield><subfield code="c">DLC</subfield><subfield code="d">DLC</subfield></datafield><datafield ind1="0" ind2=" " tag="022"><subfield code="a">2574-5492</subfield><subfield code="2">1</subfield></datafield><datafield ind1=" " ind2=" " tag="042"><subfield code="a">pcc</subfield><subfield code="a">nsdp</subfield></datafield><datafield ind1=" " ind2=" " tag="043"><subfield code="a">n-us-ct</subfield></datafield><datafield ind1="1" ind2="0" tag="050"><subfield code="a">ISSN RECORD</subfield></datafield><datafield ind1="1" ind2="0" tag="082"><subfield code="a">071</subfield><subfield code="2">23</subfield></datafield><datafield ind1="0" ind2=" " tag="130"><subfield code="a">Waterbury Democrat (Waterbury, Conn. : 1900)</subfield></datafield><datafield ind1=" " ind2="0" tag="222"><subfield code="a">Waterbury Democrat</subfield><subfield code="b">(Waterbury, Conn. 1900. Online)</subfield></datafield><datafield ind1="1" ind2="0" tag="245"><subfield code="a">Waterbury Democrat.</subfield></datafield><datafield ind1="1" ind2="3" tag="246"><subfield code="a">Evening Democrat</subfield></datafield><datafield ind1=" " ind2="1" tag="264"><subfield code="a">Waterbury, Conn. :</subfield><subfield code="b">The Democrat Publishing Company,</subfield><subfield code="c">-1903</subfield></datafield><datafield ind1=" " ind2=" " tag="300"><subfield code="a">1 online resource</subfield></datafield><datafield ind1=" " ind2=" " tag="310"><subfield code="a">Daily</subfield></datafield><datafield ind1=" " ind2=" " tag="336"><subfield code="a">text</subfield><subfield code="b">txt</subfield><subfield code="2">rdacontent</subfield></datafield><datafield ind1=" " ind2=" " tag="337"><subfield code="a">computer</subfield><subfield code="b">c</subfield><subfield code="2">rdamedia</subfield></datafield><datafield ind1=" " ind2=" " tag="338"><subfield code="a">online resource</subfield><subfield code="b">cr</subfield><subfield code="2">rdacarrier</subfield></datafield><datafield ind1="1" ind2=" " tag="362"><subfield code="a">Began with vol. XIII, no. 265 (October 20, 1900); ceased with vol. XVI, no. 72 (February 28, 1903).</subfield></datafield><datafield ind1=" " ind2=" " tag="530"><subfield code="a">Available on microfilm from New England Micrographics.</subfield></datafield><datafield ind1=" " ind2=" " tag="588"><subfield code="a">Description based on: Vol XIV, no 99 (April 2, 1901); title from masthead (Chroniclingamerica.loc.gov, viewed August 30, 2017).</subfield></datafield><datafield ind1=" " ind2=" " tag="588"><subfield code="a">Latest issue consulted: Vol. XVI, no. 72 (February 28, 1903) (Chroniclingamerica.loc.gov, viewed August 30, 2017).</subfield></datafield><datafield ind1=" " ind2="0" tag="651"><subfield code="a">Waterbury (Conn.)</subfield><subfield code="v">Newspapers.</subfield></datafield><datafield ind1=" " ind2="7" tag="651"><subfield code="a">Connecticut</subfield><subfield code="z">Waterbury.</subfield><subfield code="2">fast</subfield><subfield code="0">(OCoLC)fst01206504</subfield></datafield><datafield ind1=" " ind2="7" tag="655"><subfield code="a">Newspapers.</subfield><subfield code="2">fast</subfield><subfield code="0">(OCoLC)fst01423814</subfield></datafield><datafield ind1=" " ind2=" " tag="752"><subfield code="a">United States</subfield><subfield code="b">Connecticut</subfield><subfield code="c">New Haven</subfield><subfield code="d">Waterbury.</subfield></datafield><datafield ind1="0" ind2="8" tag="776"><subfield code="i">Originally issued in print:</subfield><subfield code="t">Waterbury Democrat (Waterbury, Conn. : 1900)</subfield><subfield code="x">2574-5484</subfield><subfield code="w">(DLC)sn 93053725</subfield><subfield code="w">(OCoLC)27347273</subfield></datafield><datafield ind1="0" ind2="0" tag="780"><subfield code="t">Waterbury evening Democrat (Waterbury, Conn. : 1897)</subfield></datafield><datafield ind1="0" ind2="0" tag="785"><subfield code="t">Waterbury evening Democrat (Waterbury, Conn. : 1903)</subfield><subfield code="x">2574-5522</subfield><subfield code="w">(DLC)  2017218625</subfield><subfield code="w">(OCoLC)1002213664</subfield></datafield><datafield ind1="4" ind2="0" tag="856"><subfield code="u">http://www.loc.gov/chroniclingamerica/lccn/sn93053725/issues</subfield></datafield></record>